<?xml version="1.0" encoding="UTF-8"?><collection xmlns="http://www.loc.gov/MARC21/slim"><record><leader>00691nam--2200205-i-4500</leader><controlfield tag="001">000019821</controlfield><controlfield tag="002">20161230</controlfield><controlfield tag="005">20161230201033</controlfield><controlfield tag="008">060222s1000------------r-----000-0-rus-d</controlfield><datafield ind1=" " ind2=" " tag="040"><subfield code="a">IFIN-HH</subfield></datafield><datafield ind1=" " ind2=" " tag="041"><subfield code="a">rus</subfield></datafield><datafield ind1=" " ind2=" " tag="080"><subfield code="a">538.9:538.956:538.915</subfield></datafield><datafield ind1="1" ind2=" " tag="100"><subfield code="a">Stoneham, A. M</subfield></datafield><datafield ind1="1" ind2="0" tag="245"><subfield code="a">Teoria defektov v tverdih telah</subfield><subfield code="b">Elektronnaia struktura defektov v dielektrikah i poluprovodnikah</subfield><subfield code="c">A.m. stoneham</subfield></datafield><datafield ind1=" " ind2=" " tag="260"><subfield code="a">Moskva</subfield><subfield code="b">Mir</subfield><subfield code="c">1978</subfield></datafield><datafield ind1=" " ind2=" " tag="300"><subfield code="a">2 VOLUME</subfield></datafield><datafield ind1=" " ind2=" " tag="500"><subfield code="a">Titll Original In Limba Engleza: Theory Of Defects In Solids; Electronic Structure Of Defects In Insulators And Semiconductors</subfield></datafield><datafield ind1="1" ind2=" " tag="787"><subfield code="a">Volume 2</subfield><subfield code="d">357p</subfield></datafield><datafield ind1=" " ind2=" " tag="852"><subfield code="a">46781</subfield><subfield code="c">539.2</subfield></datafield><datafield ind1=" " ind2=" " tag="CAT"><subfield code="a">Sys</subfield><subfield code="c">20121030</subfield><subfield code="h">154223</subfield></datafield></record></collection>